<?xml version="1.0" encoding="UTF-8"?><record xmlns="http://www.loc.gov/MARC21/slim" xmlns:cinclude="http://apache.org/cocoon/include/1.0" xmlns:zs="http://www.loc.gov/zing/srw/">
  <leader>00591cz  a2200157n  4500</leader>
  <controlfield tag="001">nb 99115627 </controlfield>
  <controlfield tag="003">DLC</controlfield>
  <controlfield tag="005">20120315075033.0</controlfield>
  <controlfield tag="008">000228n| acannaabn          |a aaa      </controlfield>
  <datafield tag="010" ind1=" " ind2=" ">
    <subfield code="a">nb 99115627 </subfield>
    <subfield code="z">no2011138325</subfield>
  </datafield>
  <datafield tag="040" ind1=" " ind2=" ">
    <subfield code="a">Uk</subfield>
    <subfield code="b">eng</subfield>
    <subfield code="c">Uk</subfield>
    <subfield code="d">DLC</subfield>
  </datafield>
  <datafield tag="100" ind1="1" ind2=" ">
    <subfield code="a">Ó Donnchadha, Réamonn</subfield>
  </datafield>
  <datafield tag="400" ind1="1" ind2=" ">
    <subfield code="a">Ó'Donnchadha, Réamonn</subfield>
  </datafield>
  <datafield tag="667" ind1=" " ind2=" ">
    <subfield code="a">Data provided by Trinity Coll. Dublin</subfield>
  </datafield>
  <datafield tag="670" ind1=" " ind2=" ">
    <subfield code="a">The confident child, 2000:</subfield>
    <subfield code="b">t.p. (Réamonn Ó Donnchadha)</subfield>
  </datafield>
  <datafield tag="670" ind1=" " ind2=" ">
    <subfield code="a">A true note on a slack string : the poetry of Patrick Kavanagh and the psychology of C.G. Jung, 2011 :</subfield>
    <subfield code="b">t.p. (Réamonn Ó'Donnchadha)</subfield>
  </datafield>
</record>